@book{Miller2009,
    author = {Miller, Ronald D.},
    isbn = {9781437720617},
    pages = {3312},
    publisher = {Churchill Livingstone/Elsevier},
    title = {{Miller's anesthesia}},
    year = {2009}
}

@article{Helayel2010,
    author = {Helayel, Pablo Escovedo and da Concei{\c{c}}{\~{a}}o, Diogo Bruggemann and Meurer, Gustavo and Swarovsky, Claudia and de {Oliveira Filho}, Get{\'{u}}lio Rodrigues},
    doi = {10.1590/S0034-70942010000400004},
    issn = {0034-7094},
    journal = {Revista Brasileira de Anestesiologia},
    mendeley-groups = {Anesthesy and gamification},
    month = {aug},
    number = {4},
    pages = {379--382},
    publisher = {Sociedade Brasileira de Anestesiologia},
    title = {{Avalia{\c{c}}{\~{a}}o da profundidade do espa{\c{c}}o peridural com o uso do ultrassom}},
    volume = {60},
    year = {2010}
}

@misc{Hamaji2016,
    author = {Hamaji, Adilson and Shinohara, Alberto Hajime and Hamaji, Marcelo Waldir Mian},
    title = {{N{\'{u}}cleo de Anestesia Regional – SAESP}},
    url = {https://www.saesp.org.br/area-restrita/cientifico/nucleos-cientificos/nucleo-de-anestesia-regional/},
    urldate = {2019-02-16},
    year = {2016}
}

@misc{Londero2018,
    abstract = {V{\'{i}}deo que comenta t{\'{e}}cnicas anest{\'{e}}sicas, demonstra como {\'{e}} feito uma Anestesia Raquidiana e poss{\'{i}}veis complica{\c{c}}{\~{o}}es.},
    author = {Londero, Claudinei},
    month = {feb},
    title = {{Anestesia em obstetr{\'{i}}cia - YouTube}},
    url = {https://www.youtube.com/watch?v=Dl8ijvHVTuY&ab_channel=CLAUDINEILONDERO},
    urldate = {2021-02-20},
    year = {2018}
}

@inproceedings{Dreifaldt2006,
    author = {Dreifaldt, Ulrika and Kulcsar, Zsuzsanna and Gallagher, Paul},
    booktitle = {Eurohaptics conference},
    itle = {{Exploring haptics as a tool to improve training of medical doctors in the procedure of spinal anaesthetics}},
    year = {2006}
}

@article{Aggarwal2009,
    author = {Aggarwal, Rajesh and Darzi, Ara},
    doi = {10.1056/NEJME068179},
    issn = {0028-4793},
    journal = {http://dx.doi.org/10.1056/NEJMe068179},
    mendeley-groups = {Anesthesy and gamification},
    month = {oct},
    number = {25},
    pages = {2695--2696},
    pmid = {17182997},
    publisher = { Massachusetts Medical Society },
    title = {{Technical-Skills Training in the 21st Century}},
    url = {https://www.nejm.org/doi/pdf/10.1056/NEJMe068179},
    volume = {355},
    year = {2009}
}

@article{Grantcharov2008,
    author = {Grantcharov, Teodor P and Reznick, Richard K},
    doi = {10.1136/bmj.39517.686956.47},
    issn = {1756-1833},
    journal = {BMJ (Clinical research ed.)},
    mendeley-groups = {Anesthesy and gamification},
    month = {may},
    number = {7653},
    pages = {1129--31},
    pmid = {18483056},
    publisher = {British Medical Journal Publishing Group},
    title = {{Teaching procedural skills.}},
    volume = {336},
    year = {2008}
}

@article{Smith2005,
    author = {Smith, T S and Johannsson, H E and Sadler, C},
    journal = {Curr Anaes Crit Care},
    mendeley-groups = {Anesthesy and gamification},
    pages = {289--296},
    title = {{Trials of labour: can simulation make a difference to obstetric anaesthetic training?}},
    volume = {16},
    year = {2005}
}

@article{Watterson2007,
    author = {Watterson, L M and Hyde, S and Bajenov, S and Kennedy, S E},
    journal = {Anaesthesia and intensive care},
    mendeley-groups = {Anesthesy and gamification},
    month = {feb},
    number = {1},
    pages = {38--45},
    pmid = {17323664},
    title = {{The training environment of junior anaesthetic registrars learning epidural labour analgesia in Australian teaching hospitals.}},
    volume = {35},
    year = {2007}
}

@article{Udani2015,
    author = {Udani, Ankeet D and Kim, T Edward and Howard, Steven K and Mariano, Edward R},
    doi = {10.2147/LRA.S68223},
    issn = {1178-7112},
    journal = {Local and regional anesthesia},
    keywords = {medical education,nerve block,regional anesthesia,simulation,simulator,ultrasound},
    pages = {33--43},
    pmid = {26316812},
    publisher = {Dove Press},
    title = {{Simulation in teaching regional anesthesia: current perspectives.}},
    volume = {8},
    year = {2015}
}

@article{Escobar-Castillejos2016,
    author = {Escobar-Castillejos, David and Noguez, Julieta and Neri, Luis and Magana, Alejandra and Benes, Bedrich},
    doi = {10.1007/s10916-016-0459-8},
    issn = {0148-5598},
    journal = {Journal of Medical Systems},
    mendeley-groups = {Needle insertion & simulators},
    month = {apr},
    number = {4},
    pages = {104},
    publisher = {Springer US},
    title = {{A Review of Simulators with Haptic Devices for Medical Training}},
    url = {http://link.springer.com/10.1007/s10916-016-0459-8},
    volume = {40},
    year = {2016}
}

@article{Vaughan2013,
    author = {Vaughan, Neil and Dubey, Venketesh N. and Wee, Michael Y.K. and Isaacs, Richard},
    doi = {10.1016/j.medengphy.2013.03.003},
    issn = {13504533},
    journal = {Medical Engineering & Physics},
    month = {sep},
    number = {9},
    pages = {1235--1250},
    publisher = {Elsevier},
    title = {{A review of epidural simulators: Where are we today?}},
    volume = {35},
    year = {2013}
}

@article{Mendez2009,
    author = {M{\'{e}}ndez, Juan Albino and Torres, Santiago and Reboso, Jos{\'{e}} Antonio and Reboso, H{\'{e}}ctor},
    doi = {10.1080/10255840902911528},
    issn = {1025-5842},
    journal = {Computer Methods in Biomechanics and Biomedical Engineering},
    mendeley-groups = {Anesthesy and gamification},
    month = {dec},
    number = {6},
    pages = {727--734},
    pmid = {19408139},
    title = {{Adaptive computer control of anesthesia in humans}},
    volume = {12},
    year = {2009}
}

%%%%%%%%%%%%%%%%%%%%%%%%%%%%%%%%%%%%%%
@misc{revisaoLiteratura,
 author = {Naína Tumelero},
 title = {Faça a revisão de literatura de seu trabalho acadêmico em apenas 4 passos},
 year = {2018},
 note = {Dispon\'{i}vel em \url{https://blog.mettzer.com/revisao-da-literatura/}, acessado em 05/10/2021}
}

@misc{xavier2020,
 author = {Andressa Xavier},
 title = {Aprenda a usar as Normas da ABNT: Citação (2 de 4)},
 year = {2020},
 note = {Dispon\'{i}vel em \url{https://www.tecmundo.com.br/tutorial/834-aprenda-a-usar-as-normas-da-abnt-citacao-2-de-4-.htm}, acessado em 05/10/2021}
}



@techreport{keele2007guidelines,
  title={Guidelines for performing systematic literature reviews in software engineering},
  author={Keele, Staffs and others},
  year={2007},
  institution={Citeseer}
}

@article{da2005,
  title={Metodologia da pesquisa e elabora{\c{c}}{\~a}o de disserta{\c{c}}{\~a}o},
  author={Da Silva, Edna Lucia and Menezes, Estera Muszkat},
  journal={UFSC, Florian{\'o}polis, 4a. edi{\c{c}}{\~a}o},
  volume={123},
  year={2005}
}

@article{kitchenham2009systematic,
  title={Systematic literature reviews in software engineering--a systematic literature review},
  author={Kitchenham, Barbara and Brereton, O Pearl and Budgen, David and Turner, Mark and Bailey, John and Linkman, Stephen},
  journal={Information and software technology},
  volume={51},
  number={1},
  pages={7--15},
  year={2009},
  publisher={Elsevier}
}


@inproceedings{confnac2011,
 author = {P. Autor and S. Autor and T. Autor},
 title = {Exemplo de trabalho em confer\^encia nacional},
 booktitle = {Congresso Brasileiro de Futebol},
 pages = {95--105},
 address = {Rio de Janeiro, RJ, Brasil},
 month = {Dezembro},
 year = {2011}
}

@inproceedings{confinter2011,
 author = {P. Autor and S. Autor and T. Autor},
 title = {Exemplo de trabalho em confer\^encia internacional},
 booktitle = {{FIFA} Annual Conference},
 pages = {95--105},
 address = {Los Angeles, CA, EUA},
 month = {Dezembro},
 year = {2011}
}

@article{rev2011,
 author = {P. Autor and S. Autor and T. Autor},
 title = {Exemplo de trabalho em revista},
 journal = {Revista Brasileira de Futebol},
 volume = {53},
 number = {5},
 year = {2011},
 pages = {584--600}
}

@PhdThesis{tese2011,
 author = {O. Aluno},
 title = {Minha tese de doutorado},
 school = {Instituto de Computa\c{c}\~ao, Universidade Federal Fluminense},
 month = {Julho},
 year = {2011},
 address = {Niter\'oi, RJ, Brasil}
}
